2926 4656
406 383 948 474 PROOEMIUM.
1148 421 1175 478 v

198 534 406 647 Cuvrnn,
428 545 656 632 Lnnnncn
674 571 864 638 revocato
888 550 1088 653 innixam,
1106 580 1176 634 ex-

196 707 353 792 ponere
374 684 452 768 hoc
472 688 576 772 mihi
593 687 823 774 consilium.

251 832 464 918 Generum
484 839 734 923 characteres
753 839 823 923 alii
843 869 940 923 cum
955 839 1044 923 aliis
1061 867 1174 922 scru·
1225 875 1228 882 “

194 971 341 1086 ΡιιΙοεὲ
364 975 503 1060 collati
528 998 648 1074 sunt„
667 978 849 1090 Nomina
864 979 1087 1091 archetypa
1110 1008 1173 1061 re·

193 1109 335 1223 ligiose
365 1117 564 1220 servavi,
608 1116 766 1206 nullius
807 1119 984 1201 auctoris
1029 1114 1171 1199 habital

191 1249 362 1332 ratione.
384 1249 623 1363 Speciemm
639 1252 965 1364 designationem
980 1249 1069 1336 fuse
1085 1274 1170 1336 tra-

191 1383 303 1489 didi,
313 1419 399 1472 non
410 1390 526 1502 quod
540 1392 644 1476 mihi
660 1392 837 1476 arrideat
853 1392 921 1474 illa
929 1388 1170 1492 verbositas,

190 1521 264 1606 sed
290 1524 405 1637 quod
442 1527 668 1639 diagnosim
693 1530 955 1644 synopticam
985 1527 1169 1639 requirat

188 1659 439 1747 insectorum
473 1669 634 1782 notitia.
665 1668 847 1752 traam
873 1667 1167 1777 Fannrcrtque

188 1797 440 1888 characteres
482 1803 662 1921 specifici
697 1805 825 1890 nimii
859 1803 1061 1890 brevitate
1086 1835 1165 1888 sae-

188 1939 285 2050 pius
301 1942 447 2056 inopes
462 1965 536 2028 aut
550 1946 718 2056 litigiosi
733 1945 928 2030 evadunt.

244 2090 428 2178 Celebris
452 2094 640 2179 Itnrsnn
655 2095 708 2178 ad
730 2097 880 2196 instar,
901 2095 1040 2177 critice
1055 2123 1164 2204 prae-

185 2224 391 2331 cellentis,
419 2232 709 2342 synonymiam
743 2229 970 2317 emendavi.
998 2227 1164 2313 Verita-

185 2383 272 2448 tem
294 2367 475 2480 denique
517 2369 716 2480 integram
748 2369 791 2451 in
817 2368 953 2451 lucem
977 2365 1162 2481 proferre

183 2503 282 2586 totis
297 2504 454 2590 viribus
470 2528 641 2591 conatus
657 2537 761 2591 sum.

238 2649 449 2738 Sectiones
465 2656 739 2770 multiplicavi
757 2676 798 2738 et
814 2653 894 2738 illis
909 2653 1078 2737 nomina
1092 2652 1160 2736 ad·

181 2785 285 2871 didi.
311 2789 576 2878 Divisionum
601 2796 706 2878 hanc
729 2777 893 2906 copiam
922 2792 1052 2878 veluti
1074 2781 1183 2874 'me

179 2927 323 3010 moriae
355 2931 632 3042 ponderosam
662 2931 831 3046 plurimi
862 2927 1157 3044 repudiabunt.

180 3059 277 3147 Illas
287 3066 330 3147 in
347 3088 487 3150 mente
499 3065 621 3180 defigi
638 3067 736 3151 nolo
746 3098 760 3174 3
779 3068 954 3180 prosint,
971 3067 1067 3148 satis
1083 3086 1155 3148 est.

236 3217 301 3300 De
326 3216 396 3300 illa
417 3250 511 3331 quae
529 3219 682 3306 adscivi
705 3249 901 3331 generum
921 3217 1040 3330 copiti
1060 3216 1155 3299 bre-

178 3357 282 3446 viter
297 3359 522 3471 proloquar
528 3389 541 3464 ;
558 3353 825 3442 susurronum
843 3378 885 3443 et
900 3355 1155 3440 Aristarcho-

177 3523 272 3575 rum
292 3493 542 3604 etenim'qui
563 3489 897 3605 Entomologiam
918 3494 982 3578 vix
1007 3491 1155 3574 saluta·-

177 3647 296 3731 tere‚
323 3650 365 3712 et
396 3629 528 3713 nihilo
560 3631 691 3712 seciits
706 3695 719 3731 ‚
752 3629 1039 3742 disquisitione
1072 3626 1154 3709 ferie
1282 3714 1286 3722 ,

176 3767 291 3892 nulli
311 3767 413 3852 initi
423 3832 437 3871 ,
464 3767 663 3854 doctrinae
694 3765 1059 3884 amplificationem
1085 3768 1154 3852 in-
