2926 4656
210 387 1168 440 ,W

211 781 226 800 .
364 775 1002 895 PROOEMIUM.

200 1323 262 1468 Ε
283 1372 470 1460 methodi
487 1367 722 1488 praestantii
748 1367 952 1454 Historiae
971 1371 1168 1459 naturalis

196 1516 460 1602 stabilitatem
494 1508 705 1626 pendere,
747 1529 788 1592 et
833 1509 1033 1619 sectiones
1078 1509 1167 1596 illas

196 1655 404 1770 principes
424 1648 664 1734 nominibus
680 1639 911 1748 classium,
933 1645 1164 1750 ordinu'm',
1266 1686 1268 1708 ¹

191 1819 405 1904 generum
437 1790 646 1900 insignitas
691 1787 820 1902 ipsius
856 1783 1044 1870 methodi
1082 1817 1167 1874 esse

195 1929 463 2014 fundamenta
489 1957 567 2040 pro
589 1946 700 2009 certo
729 1924 916 2010 habetur.
960 1921 1050 2009 Jam
1078 1929 1167 2042 pri·
1198 1938 1202 1943 ’

98 2089 100 2094 ’
167 2069 293 2164 Αθιη
332 2066 634 2177 Entomologiao
679 2064 843 2148 deditus
870 2060 1169 2151 elementorum

196 2189 283 2317 ejus
308 2203 362 2286 ad
382 2202 529 2286 'studia
554 2221 668 2305 „totus
695 2199 883 2285 incubui.
921 2197 1168 2289 Immortalis
1216 2271 1222 2280 ,

193 2342 375 2428 Fabricii
403 2337 455 2424 de
488 2338 704 2454 generibus
737 2337 986 2424 insecterum
1014 2337 1169 2430 librum

195 2482 365 2594 singulis
404 2481 625 2564 momentis
646 2473 862 2566 volvebam
889 2500 931 2562 et
970 2483 1169 2566 attonitus
1273 2477 1275 2482 ¹

194 2620 384 2708 mirabar.
401 2621 611 2704 Summam
625 2637 817 2707 votorum
831 2650 1093 2732 nequaquam
1109 2643 1170 2704 ta-

198 2787 406 2843 mensum
428 2759 625 2872 adeptus3
651 2755 872 2841 methodus
894 2761 1008 2841 enim·
1021 2759 1170 2874 vFabri-

197 2902 312 2983 ciana
336 2899 635 2982 'instrumentis
675 2895 844 2998 cibariis*
881 2900 1169 2989 tantummodo

196 3039 350 3158 posita,
367 3031 544 3120 difficilis
560 3033 805 3137 admodirm,
820 3031 1036 3146 generibus
1056 3035 1170 3123 haud

196 3173 414 3275 absoluta,
440 3177 463 3255 a
489 3175 658 3259 veritate
669 3234 682 3274 ,
714 3174 844 3266 invito
880 3193 928 3254 ut
952 3175 1007 3255 ita
1032 3175 1169 3258 dicam

196 3330 386 3415 auctore,
409 3309 617 3394 interdirm
652 3310 812 3394 aberrat
849 3308 1068 3424 ordinique
1097 3342 1171 3414 naa

154 3451 159 3461 s
196 3449 318 3534 turali
335 3452 484 3565 saepiirs
499 3445 745 3536 adversatur.
760 3445 1089 3562 Entomologiam
1106 3451 1170 3536 his
1236 3477 1238 3482 ·

196 3592 325 3676 naevis
369 3619 547 3704 sparsam
595 3589 804 3672 exemisset
833 3595 943 3671 ‘sane
964 3597 966 3602 '
987 3589 1168 3704 Fabricii
1209 3581 1212 3594 ’
1256 3681 1259 3704 Ι

197 3720 374 3812 aemulus·
402 3730 576 3840 ejusque
603 3727 831 3839 systematis
856 3725 1017 3812 lucidus
1043 3729 1170 3814 inter-
