2926 4656
316 358 356 469 a
530 341 1070 436 eunonium

314 521 505 608 consulto
521 518 753 631 dijudicant
772 582 785 622 ‚
811 547 918 604 nova
936 517 1157 622 damnant,
1179 519 1294 602 theo·

314 665 396 746 rioe
409 682 451 744 et
465 658 612 772 agendi
629 660 787 742 ratione
802 657 883 742 sibi
901 655 1123 760 discordes,
1134 659 1177 740 in
1189 657 1297 740 ordi·

313 801 462 886 nandis
482 791 736 884 animalculis
755 830 928 884 numero
945 797 1294 902 infinitissima

314 937 626 1039 diversissimis,
657 935 965 1048 simplieitatem
979 1001 1009 1038 ,„
1022 935 1112 1024 aliis
1143 935 1296 1024 Histoe·

315 1078 387 1160 riae
412 1075 609 1160 naturalis
635 1071 832 1159 classibus
858 1074 1131 1188 denegatam,
1160 1075 1296 1166 ,conrie
1382 1109 1388 1118 ·

312 1217 400 1296 nuo
433 1232 632 1313 evocant,
679 1211 857 1323 querelis
898 1213 1068 1300 minime
1108 1239 1293 1298 moveor.

275 1427 280 1436 .
311 1349 423 1438 Mihi
451 1354 676 1436 assentient
700 1334 1028 1465 indulgehuntve
1051 1349 1196 1454 saltem
1218 1381 1295 1464 pe-

312 1493 382 1574 riti
401 1490 554 1610 quibus
569 1491 873 1604 Entomologiae
890 1485 1294 1600 difficultatesinuo-

312 1649 495 1715 tuerunt.
526 1629 686 1713 Inseeta
728 1627 980 1742 vegetalibus
1002 1628 1289 1716 ,multitudine

313 1789 522 1881 praestant.
546 1770 708 1852 Genera
732 1790 870 1852 tamen
891 1768 1044 1884 quibus
1064 1769 1132 1854 illa
1154 1768 1294 1854 distri·-

204 1942 208 1948 ·
311 1904 501 1990 buuntur
520 1937 716 2019 generum
736 1908 814 1990 sub
831 1905 984 2020 quibus
1004 1909 1093 1992 haec
1112 1907 1294 2020 militant

312 2073 487 2126 numero
503 2044 569 2128 vix
585 2045 773 2156 quintam
792 2069 952 2157 partem
974 2045 1209 2156 attingunt:
1228 2045 1292 2126 in-

312 2201 519 2264 sectorum
550 2209 730 2293 namque
756 2179 921 2270 ordines
946 2181 1117 2296 plurimi
1143 2180 1292 2278 adum·-⁴

312 2317 419 2402 breti
440 2319 614 2402 tantum.

158 2501 170 2512 ·
213 2489 215 2494 ’
320 2469 323 2477 '
368 2471 530 2554 Genera
571 2470 771 2555 nonnulla
813 2471 1115 2557 characteribus
1152 2471 1290 2558 forsan
1370 2467 1372 2478 ⁴

310 2610 424 2693 haud
446 2614 565 2724 mque
591 2597 1050 2724 perspicuis'exsecutus
1067 2643 1179 2718 sum3
1197 2613 1289 2715 illa,

310 2731 472 2862 quee'so,
488 2727 677 2864 protinus
693 2779 779 2833 non
797 2780 976 2863 respuas.
994 2749 1102 2840 Mihi
1119 2779 1226 2850 non,
1242 2769 1293 2840 ut

311 2887 480 2968 summis
500 2886 700 2996 magistris
721 2883 1291 2988 LINNAEo,EARu1,cto,ver·

309 3021 375 3103 bis
406 3019 567 3103 idoneis
595 3019 709 3132 etad
734 3051 822 3106 rem
844 3020 1119 3115 accomodans
1141 3021 1233 3121 uti,
1265 3023 1288 3116 a

307 3157 454 3245 nature
487 3157 645 3252 datum.
673 3159 884 3256 Generum
917 3181 1035 3249 notas
1061 3159 1287 3261 attentius,

309 3295 466 3382 diutius
491 3298 751 3412 perpendere
774 3298 899 3408 velis;
927 3330 1021 3414 quae
1042 3328 1179 3402 meos,
1201 3328 1292 3414 non

304 3432 472 3518 fortasse
500 3452 594 3519 tuos
625 3435 781 3520 oeulos.
799 3434 981 3548 fugient,
1008 3457 1191 3547 tuncque
1217 3465 1289 3546 get

305 3599 402 3658 nera
423 3568 551 3662 dubia
567 3571 717 3670 eadent
732 3637 745 3674 ‚
771 3595 843 3658 aut
868 3572 1080 3664 laboribus
1097 3574 1178 3656 tuis
1195 3603 1286 3668 cer-w

202 3715 210 3738 ¹
302 3706 406 3788 tiore
423 3705 563 3802 denuo
580 3707 623 3804 in
644 3707 780 3800 lucem
796 3710 964 3800 venient
987 3729 1029 3804 et
1050 3707 1291 3820 manebunt,

176 3850 180 3856 ’
304 3844 558 3929 inconeussa.
